@INPROCEEDINGS{aparicio:2016, 
author={M. T. {Gonz√°lez-Aparicio} and M. {Younas} and J. {Tuya} and R. {Casado}}, 
booktitle={2016 IEEE 30th International Conference on Advanced Information Networking and Applications (AINA)}, 
title={A New Model for Testing CRUD Operations in a NoSQL Database}, 
year={2016}, 
volume={}, 
number={}, 
pages={79-86}, 
keywords={data integrity;database management systems;transaction processing;CRUD operation testing;data processing;NoSQL key-value database;context-aware model;client contextual requirements;transaction model;testing criteria;transactional CRUD operations;database availability;database consistency;Conferences;Context-aware;CRUD;NoSQL key/value database;Riak;transaction}, 
doi={10.1109/AINA.2016.147}, 
ISSN={1550-445X}, 
month={March},}

@INPROCEEDINGS{ramesh:2016, 
author={D. {Ramesh} and E. {Khosla} and S. N. {Bhukya}}, 
booktitle={2016 IEEE International Conference on Computational Intelligence and Computing Research (ICCIC)}, 
title={Inclusion of e-commerce workflow with NoSQL DBMS: MongoDB document store}, 
year={2016}, 
volume={}, 
number={}, 
pages={1-5}, 
keywords={data models;electronic commerce;NoSQL databases;retail data processing;e-commerce workflow;NoSQL DBMS;MongoDB document store;business applications;online store;customer e-commerce applications;horizontally scalable replicable strategy;RDBMS;data model applications;document-oriented NoSQL database;large scale business applications;Business;Servers;Relational databases;Scalability;Data models;Computer architecture;MongoDB;RDBMS;e-Commerce;NoSQL Db}, 
doi={10.1109/ICCIC.2016.7919652}, 
ISSN={2473-943X}, 
month={Dec},}

@article{mohamed:2014,
author = {Mohamed, Mohamed and G. Altrafi, Obay and O. Ismail, Mohammed},
year = {2014},
month = {05},
pages = {598},
title = {Relational Vs. NoSQL databases: A survey},
volume = {03},
journal = {International Journal of Computer and Information Technology (IJCIT)}
}

@article{brito2010bancos,
  title={Bancos de dados NoSQL x SGBDs relacionais: an{\'a}lise comparativa},
  author={Brito, Ricardo W},
  journal={Faculdade Farias Brito e Universidade de Fortaleza},
  year={2010}
}

@article{index2013zettabyte,
  title={The zettabyte era--trends and analysis},
  author={Index, Cisco Visual Networking},
  journal={Cisco white paper},
  year={2013}
}

@inproceedings{han2011survey,
  title={Survey on NoSQL database},
  author={Han, Jing and Haihong, E and Le, Guan and Du, Jian},
  booktitle={2011 6th international conference on pervasive computing and applications},
  pages={363--366},
  year={2011},
  organization={IEEE}
}

@article{chang2008bigtable,
  title={Bigtable: A distributed storage system for structured data},
  author={Chang, Fay and Dean, Jeffrey and Ghemawat, Sanjay and Hsieh, Wilson C and Wallach, Deborah A and Burrows, Mike and Chandra, Tushar and Fikes, Andrew and Gruber, Robert E},
  journal={ACM Transactions on Computer Systems (TOCS)},
  volume={26},
  number={2},
  pages={4},
  year={2008},
  publisher={ACM}
}

@misc{hadoophbase,
  author={Hadoop HBase},
  title={Apache HBase Reference Guide},
  year={2019},
  howpublished="\url{http://hbase.apache.org/book.html}",
  note = {Online; accessed 03 May 2019} ,
}

@misc{hadoophdfs,
  author={Apache Hadoop},
  title={HDFS Architecture},
  year={2016},
  howpublished="\url{https://hadoop.apache.org/docs/r3.1.2/hadoop-project-dist/hadoop-hdfs/HdfsDesign.html}",
  note = {Online; accessed 03 May 2019},
}



@book{elmasri2010fundamentals,
  title={Fundamentals of database systems},
  author={Elmasri, Ramez and Navathe, Shamkant},
  year={2010},
  publisher={Addison-Wesley Publishing Company}
}

@inproceedings{hwang2014scale,
  title={Scale-out vs. scale-up techniques for cloud performance and productivity},
  author={Hwang, Kai and Shi, Yue and Bai, Xiaoying},
  booktitle={2014 IEEE 6th International Conference on Cloud Computing Technology and Science},
  pages={763--768},
  year={2014},
  organization={IEEE}
}

@article{goldman2012apache,
  title={Apache Hadoop: conceitos te{\'o}ricos e pr{\'a}ticos, evolu{\c{c}}{\~a}o e novas possibilidades},
  author={Goldman, Alfredo and Kon, Fabio and Junior, Francisco Pereira and Polato, Ivanilton and de F{\'a}tima Pereira, Rosangela},
  journal={XXXI Jornadas de atualiza{\c{c}}oes em informatica},
  pages={88--136},
  year={2012}
}

@phdthesis{cunha2015column,
  title={Column-based databases: estudo explorat{\'o}rio no {\^a}mbito das bases de dados NoSQL},
  author={Cunha, Jos{\'e} Pedro},
  year={2015}
}

@inproceedings{cooper2010benchmarking,
  title={Benchmarking cloud serving systems with YCSB},
  author={Cooper, Brian F and Silberstein, Adam and Tam, Erwin and Ramakrishnan, Raghu and Sears, Russell},
  booktitle={Proceedings of the 1st ACM symposium on Cloud computing},
  pages={143--154},
  year={2010},
  organization={ACM}
}

@inproceedings{jogi2016performance,
  title={Performance evaluation of MySQL, Cassandra and HBase for heavy write operation},
  author={Jogi, Vishal Dilipbhai and Sinha, Ashay},
  booktitle={2016 3rd International Conference on Recent Advances in Information Technology (RAIT)},
  pages={586--590},
  year={2016},
  organization={IEEE}
}

@inproceedings{swaminathan2016quantitative,
  title={Quantitative analysis of scalable NoSQL databases},
  author={Swaminathan, Surya Narayanan and Elmasri, Ramez},
  booktitle={2016 IEEE International Congress on Big Data (BigData Congress)},
  pages={323--326},
  year={2016},
  organization={IEEE}
}

@inproceedings{waage2014benchmarking,
  title={Benchmarking encrypted data storage in hbase and cassandra with ycsb},
  author={Waage, Tim and Wiese, Lena},
  booktitle={International Symposium on Foundations and Practice of Security},
  pages={311--325},
  year={2014},
  organization={Springer}
}