%Referências

@INPROCEEDINGS{patil:2017, 
author={M. M. {Patil} and A. {Hanni} and C. H. {Tejeshwar} and P. {Patil}}, 
booktitle={2017 International Conference on I-SMAC (IoT in Social, Mobile, Analytics and Cloud) (I-SMAC)}, 
title={A qualitative analysis of the performance of MongoDB vs MySQL database based on insertion and retriewal operations using a web/android application to explore load balancing — Sharding in MongoDB and its advantages}, 
year={2017}, 
volume={}, 
number={}, 
pages={325-330}, 
keywords={Android (operating system);distributed databases;Internet;object-oriented databases;query processing;relational databases;resource allocation;SQL;storage management;manipulation system;NoSQL MongoDB;auto sharding;NoSQL databases;SQL databases;retriewal operations;MySQL database;sharding efficiency;database partitioning;disk space maximization;data distribution;database splitting;cross-platform document oriented database;data manipulation system;dynamic query load balancing;Android application;data load;data management system;Web application;insertion operation;Data models;Object oriented modeling;Servers;NoSQL databases;Scalability;Relational databases;Relational databases;Non-relational databases;MySQL;NoSQL;MongoDB;Sharding}, 
doi={10.1109/I-SMAC.2017.8058365}, 
ISSN={}, 
month={Feb}
}

@INPROCEEDINGS{ramesh:2016, 
author={D. {Ramesh} and E. {Khosla} and S. N. {Bhukya}}, 
booktitle={2016 IEEE International Conference on Computational Intelligence and Computing Research (ICCIC)}, 
title={Inclusion of e-commerce workflow with NoSQL DBMS: MongoDB document store}, 
year={2016}, 
volume={}, 
number={}, 
pages={1-5}, 
keywords={data models;electronic commerce;NoSQL databases;retail data processing;e-commerce workflow;NoSQL DBMS;MongoDB document store;business applications;online store;customer e-commerce applications;horizontally scalable replicable strategy;RDBMS;data model applications;document-oriented NoSQL database;large scale business applications;Business;Servers;Relational databases;Scalability;Data models;Computer architecture;MongoDB;RDBMS;e-Commerce;NoSQL Db}, 
doi={10.1109/ICCIC.2016.7919652}, 
ISSN={2473-943X}, 
month={Dec},}

@ARTICLE{rafique:2018, 
author={A. {Rafique} and D. {Van Landuyt} and B. {Lagaisse} and W. {Joosen}}, 
journal={IEEE Transactions on Cloud Computing}, 
title={On the Performance Impact of Data Access Middleware for NoSQL Data Stores A Study of the Trade-Off between Performance and Migration Cost}, 
year={2018}, 
volume={6}, 
number={3}, 
pages={843-856}, 
keywords={application program interfaces;middleware;NoSQL databases;performance impact;data access middleware platform;performance overhead;mature data access middleware platforms;Spring Data;heterogeneous data stores;NoSQL data stores;Impetus Kundera;Playorm;CRUD operations;portability;Cloud computing;Memory;Context;Relational databases;Organizations;Data management middleware;abstraction APIs;performance evaluation;migration across heterogeneous NoSQL}, 
doi={10.1109/TCC.2015.2511756}, 
ISSN={2168-7161}, 
month={July},}

@inproceedings{cooper:2010,
 author = {Cooper, Brian F. and Silberstein, Adam and Tam, Erwin and Ramakrishnan, Raghu and Sears, Russell},
 title = {Benchmarking Cloud Serving Systems with YCSB},
 booktitle = {Proceedings of the 1st ACM Symposium on Cloud Computing},
 series = {SoCC '10},
 year = {2010},
 isbn = {978-1-4503-0036-0},
 location = {Indianapolis, Indiana, USA},
 pages = {143--154},
 numpages = {12},
 doi = {10.1145/1807128.1807152},
 acmid = {1807152},
 publisher = {ACM},
 address = {New York, NY, USA},
 keywords = {benchmarking, cloud serving database},
}

@INPROCEEDINGS{jogi:2016, 
author={V. D. {Jogi} and A. {Sinha}}, 
booktitle={2016 3rd International Conference on Recent Advances in Information Technology (RAIT)}, 
title={Performance evaluation of MySQL, Cassandra and HBase for heavy write operation}, 
year={2016}, 
volume={}, 
number={}, 
pages={586-590}, 
keywords={distributed databases;public domain software;relational databases;SQL;performance evaluation;MySQL;Cassandra;HBase;heavy-write operation;NoSQL databases;structured data;unstructured data;user applications;Web-based REST application;open-source distributed database management system;Organizations;Relational databases;Distributed databases;Big data;Information technology;Servers;NoSQL;Distributed Systems;Cassandra;HBase;MySQL}, 
doi={10.1109/RAIT.2016.7507964}, 
ISSN={}, 
month={March},}

@INPROCEEDINGS{swaminathan:2016, 
author={S. N. {Swaminathan} and R. {Elmasri}}, 
booktitle={2016 IEEE International Congress on Big Data (BigData Congress)}, 
title={Quantitative Analysis of Scalable NoSQL Databases}, 
year={2016}, 
volume={}, 
number={}, 
pages={323-326}, 
keywords={Big Data;data models;query processing;relational databases;software reliability;scalable NoSQL database quantitative analysis;customary data platform;Big Data;relational databases;horizontal scalability;schema-less approach;data modeling;high performance data access;limited querying capability;transactional semantics;MongoDB;Cassandra;HBase;Yahoo cloud service benchmark;Benchmark testing;Throughput;Scalability;Cloud computing;Distributed databases;Servers;NoSQL;YCSB;MongoDB;Cassandra;HBase;Database Benchmark}, 
doi={10.1109/BigDataCongress.2016.49}, 
ISSN={}, 
month={June},}

@InProceedings{waage:2015,
author="Waage, Tim and Wiese, Lena",
editor="Cuppens, Fr{\'e}d{\'e}ric
and Garcia-Alfaro, Joaquin
and Zincir Heywood, Nur
and Fong, Philip W. L.",
title="Benchmarking Encrypted Data Storage in HBase and Cassandra with YCSB",
booktitle="Foundations and Practice of Security",
year="2015",
publisher="Springer International Publishing",
address="Cham",
pages="311--325",
abstract="Using cloud storage servers to manage large amounts of data has gained increased interest due to their advantages (like availability and scalability). A major disadvantage of cloud storage providers, however, is their lack of security features. In this article we analyze a cloud storage setting where confidentiality of outsourced data is maintained by letting the client encrypt all data records before sending them to the cloud storage. Our main focus is on benchmarking and quantifying the performance loss that such a cloud storage system incurs due to encrypted storage. We present results based on a modification of the Yahoo! Cloud Serving Benchmark using the AES implementation of the Bouncy Castle Java Cryptography Provider for the encryption and decryption steps. The results show that for single read and write operations the performance loss is acceptable (even for stronger encryption with 256 bit keylength) while for range scans the impact can be quite severe.",
isbn="978-3-319-17040-4"
}

@INPROCEEDINGS{silva:2015, 
author={L. J. G. {Silva} and L. G. d. {Vasconcelos} and G. d. {Silva} and L. E. G. d. {Vasconcelos}}, 
booktitle={2015 12th International Conference on Information Technology - New Generations}, 
title={Towards Scalability in Systems with Write Operations in Relational Databases}, 
year={2015}, 
volume={}, 
number={}, 
pages={267-272}, 
keywords={relational databases;write operations;relational databases;system scalability;manipulate database;concurrent users;read operations;database systems;horizontal scalability;database operations;queuing theory;Scalability;Computer architecture;Queueing analysis;Servers;Relational databases;Distributed databases;scalability;queueing theory;distributed systems;relational database}, 
doi={10.1109/ITNG.2015.49}, 
ISSN={}, 
month={April},}

@inproceedings{pokorny:2011,
 author = {Pokorny, Jaroslav},
 title = {NoSQL Databases: A Step to Database Scalability in Web Environment},
 booktitle = {Proceedings of the 13th International Conference on Information Integration and Web-based Applications and Services},
 series = {iiWAS '11},
 year = {2011},
 isbn = {978-1-4503-0784-0},
 location = {Ho Chi Minh City, Vietnam},
 pages = {278--283},
 numpages = {6},
 doi = {10.1145/2095536.2095583},
 acmid = {2095583},
 publisher = {ACM},
 address = {New York, NY, USA},
 keywords = {CAP theorem, NoSQL database, cloud computing, horizontal data distribution, horizontal scaling, vertical scaling, weak consistency}
} 

@article{abouzeid:2009,
 author = {Abouzeid, Azza and Bajda-Pawlikowski, Kamil and Abadi, Daniel and Silberschatz, Avi and Rasin, Alexander},
 title = {HadoopDB: An Architectural Hybrid of MapReduce and DBMS Technologies for Analytical Workloads},
 journal = {Proc. VLDB Endow.},
 issue_date = {August 2009},
 volume = {2},
 number = {1},
 month = aug,
 year = {2009},
 issn = {2150-8097},
 pages = {922--933},
 numpages = {12},
 doi = {10.14778/1687627.1687731},
 acmid = {1687731},
 publisher = {VLDB Endowment}
} 

@article{kemme:2010,
 author = {Kemme, Bettina and Alonso, Gustavo},
 title = {Database Replication: A Tale of Research Across Communities},
 journal = {Proc. VLDB Endow.},
 issue_date = {September 2010},
 volume = {3},
 number = {1-2},
 month = sep,
 year = {2010},
 issn = {2150-8097},
 pages = {5--12},
 numpages = {8},
 doi = {10.14778/1920841.1920847},
 acmid = {1920847},
 publisher = {VLDB Endowment}
}

@INPROCEEDINGS{fisher:2011, 
author={Michael T. Fisher and Martin L. Abbot}, 
booktitle={Boston: Pearson Education}, 
title={Scalability Rules}, 
year={2011}
}

@INPROCEEDINGS{aparicio:2016, 
author={M. T. {González-Aparicio} and M. {Younas} and J. {Tuya} and R. {Casado}}, 
booktitle={2016 IEEE 30th International Conference on Advanced Information Networking and Applications (AINA)}, 
title={A New Model for Testing CRUD Operations in a NoSQL Database}, 
year={2016}, 
volume={}, 
number={}, 
pages={79-86}, 
keywords={data integrity;database management systems;transaction processing;CRUD operation testing;data processing;NoSQL key-value database;context-aware model;client contextual requirements;transaction model;testing criteria;transactional CRUD operations;database availability;database consistency;Conferences;Context-aware;CRUD;NoSQL key/value database;Riak;transaction}, 
doi={10.1109/AINA.2016.147}, 
ISSN={1550-445X}, 
month={March},}

@article{mohamed:2014,
author = {Mohamed, Mohamed and G. Altrafi, Obay and O. Ismail, Mohammed},
year = {2014},
month = {05},
pages = {598},
title = {Relational Vs. NoSQL databases: A survey},
volume = {03},
journal = {International Journal of Computer and Information Technology (IJCIT)}
}

@comment{jabref-meta: selector_publisher:}

@comment{jabref-meta: selector_author:}

@comment{jabref-meta: selector_journal:}

@comment{jabref-meta: selector_keywords:}}

@comment{jabref-meta: selector_publisher:}

@comment{jabref-meta: selector_author:}

@comment{jabref-meta: selector_journal:}

@comment{jabref-meta: selector_keywords:}

