@article{ward2013undefined,
  title={Undefined by data: a survey of big data definitions},
  author={Ward, Jonathan Stuart and Barker, Adam},
  journal={arXiv preprint arXiv:1309.5821},
  year={2013}
}

@inproceedings{han2011survey,
  title={Survey on NoSQL database},
  author={Han, Jing and Haihong, E and Le, Guan and Du, Jian},
  booktitle={2011 6th international conference on pervasive computing and applications},
  pages={363--366},
  year={2011},
  organization={IEEE}
}
  
@article{grolinger2013data,
  title={Data management in cloud environments: NoSQL and NewSQL data stores},
  author={Grolinger, Katarina and Higashino, Wilson A and Tiwari, Abhinav and Capretz, Miriam AM},
  journal={Journal of Cloud Computing: advances, systems and applications},
  volume={2},
  number={1},
  pages={22},
  year={2013},
  publisher={SpringerOpen}
}

@inproceedings{cooper2010benchmarking,
  title={Benchmarking cloud serving systems with YCSB},
  author={Cooper, Brian F and Silberstein, Adam and Tam, Erwin and Ramakrishnan, Raghu and Sears, Russell},
  booktitle={Proceedings of the 1st ACM symposium on Cloud computing},
  pages={143--154},
  year={2010},
  organization={ACM}
}

@misc{edlich2015nosql,
  title={NoSQL-Your ultimate guideto the non-relational universe! NoSQL},
  author={Edlich, Sn},
  year={2015},
  publisher={Online] Oct}
}

@article{rafique2018performance,
  title={On the performance impact of data access middleware for nosql data stores a study of the trade-off between performance and migration cost},
  author={Rafique, Ansar and Van Landuyt, Dimitri and Lagaisse, Bert and Joosen, Wouter},
  journal={IEEE Transactions on Cloud Computing},
  volume={6},
  number={3},
  pages={843--856},
  year={2018},
  publisher={IEEE}
}

@article{chaniotis2015node,
  title={Is Node. js a viable option for building modern web applications? A performance evaluation study},
  author={Chaniotis, Ioannis K and Kyriakou, Kyriakos-Ioannis D and Tselikas, Nikolaos D},
  journal={Computing},
  volume={97},
  number={10},
  pages={1023--1044},
  year={2015},
  publisher={Springer}
}